<record><leader>00000cas a2200000Ma 4500</leader><controlfield tag="001">11074401</controlfield><controlfield tag="008">840821d18631865inudn ne      0    0eng d</controlfield><datafield ind1=" " ind2=" " tag="010"><subfield code="a">sn 84023919 </subfield></datafield><datafield ind1=" " ind2=" " tag="040"><subfield code="a">AQM</subfield><subfield code="b">eng</subfield><subfield code="c">AQM</subfield><subfield code="d">OCLCQ</subfield></datafield><datafield ind1="0" ind2=" " tag="130"><subfield code="a">Dawson's Fort Wayne daily times (Fort Wayne, Ind. : 1863)</subfield></datafield><datafield ind1="1" ind2="0" tag="245"><subfield code="a">Dawson's Fort Wayne daily times.</subfield></datafield><datafield ind1="3" ind2="0" tag="246"><subfield code="a">Fort Wayne daily times</subfield></datafield><datafield ind1=" " ind2=" " tag="260"><subfield code="a">Fort Wayne, Ind. :</subfield><subfield code="b">Isaac W. Campbell</subfield></datafield><datafield ind1=" " ind2=" " tag="310"><subfield code="a">Daily (except Sun.)</subfield></datafield><datafield ind1="1" ind2=" " tag="362"><subfield code="a">Began in 1863? Ceased in 1865.</subfield></datafield><datafield ind1=" " ind2=" " tag="580"><subfield code="a">Weekly ed. : Dawson's Fort Wayne weekly times.</subfield></datafield><datafield ind1=" " ind2=" " tag="588"><subfield code="a">Description based on: Vol. 6, no. 261 (Dec. 8, 1863).</subfield></datafield><datafield ind1=" " ind2="7" tag="655"><subfield code="a">Newspapers.</subfield><subfield code="2">rbgenr</subfield></datafield><datafield ind1=" " ind2=" " tag="752"><subfield code="a">United States</subfield><subfield code="b">Indiana</subfield><subfield code="c">Allen</subfield><subfield code="d">Fort Wayne.</subfield></datafield><datafield ind1="1" ind2=" " tag="775"><subfield code="t">Dawson's Fort Wayne weekly times</subfield><subfield code="w">(DLC)sn 87055970</subfield></datafield><datafield ind1="0" ind2="0" tag="780"><subfield code="t">Dawson's daily times and union</subfield><subfield code="w">(DLC)sn 87056003</subfield></datafield><datafield ind1="0" ind2="7" tag="785"><subfield code="t">Daily Fort Wayne sentinel</subfield><subfield code="w">(DLC)sn 82016324</subfield></datafield><datafield ind1="0" ind2="7" tag="785"><subfield code="t">Fort Wayne daily times and sentinel</subfield><subfield code="w">(DLC)sn 84023921</subfield></datafield></record>